<record><leader>00000cas a2200000Ia 4500</leader><controlfield tag="001">32888891</controlfield><controlfield tag="008">950728d19811995vauwn ne      0   a0eng d</controlfield><datafield ind1=" " ind2=" " tag="010"><subfield code="a">sn 00064921 </subfield></datafield><datafield ind1=" " ind2=" " tag="040"><subfield code="a">VAV</subfield><subfield code="b">eng</subfield><subfield code="c">VAV</subfield><subfield code="d">NSD</subfield><subfield code="d">NVK</subfield><subfield code="d">OCLCF</subfield><subfield code="d">OCLCO</subfield></datafield><datafield ind1=" " ind2=" " tag="037"><subfield code="b">Saltville News-Messenger, P.O. Box 640, Sheffey &amp; Cherry Streets,  Marion, VA 24354</subfield></datafield><datafield ind1=" " ind2=" " tag="043"><subfield code="a">n-us-va</subfield></datafield><datafield ind1="0" ind2="0" tag="245"><subfield code="a">Saltville news-messenger.</subfield></datafield><datafield ind1="3" ind2=" " tag="246"><subfield code="a">Saltville news messenger</subfield></datafield><datafield ind1=" " ind2=" " tag="260"><subfield code="a">Saltville, Va. :</subfield><subfield code="b">Saltville Pub. Co.,</subfield><subfield code="c">1981-</subfield></datafield><datafield ind1=" " ind2=" " tag="310"><subfield code="a">Weekly</subfield></datafield><datafield ind1="0" ind2=" " tag="362"><subfield code="a">Vol. 1, no. 1 (Jan. 15, 1981)-</subfield></datafield><datafield ind1="1" ind2=" " tag="362"><subfield code="a">Ceased in 1995.</subfield></datafield><datafield ind1=" " ind2=" " tag="500"><subfield code="a">"Serving Smyth and Washington counties."</subfield></datafield><datafield ind1=" " ind2=" " tag="530"><subfield code="a">Available on microfilm from Bell &amp; Howell; and from UMI.</subfield></datafield><datafield ind1=" " ind2=" " tag="580"><subfield code="a">Merged with: Smyth County news; to form: Smyth County news &amp; messenger.</subfield></datafield><datafield ind1=" " ind2="0" tag="651"><subfield code="a">Smyth County (Va.)</subfield><subfield code="v">Newspapers.</subfield></datafield><datafield ind1=" " ind2="0" tag="651"><subfield code="a">Washington County (Va.)</subfield><subfield code="v">Newspapers.</subfield></datafield><datafield ind1=" " ind2="0" tag="651"><subfield code="a">Saltville (Va.)</subfield><subfield code="v">Newspapers.</subfield></datafield><datafield ind1=" " ind2="7" tag="655"><subfield code="a">Newspapers.</subfield><subfield code="2">fast</subfield><subfield code="0">(OCoLC)fst01423814</subfield></datafield><datafield ind1=" " ind2="7" tag="651"><subfield code="a">Virginia</subfield><subfield code="z">Saltville.</subfield><subfield code="2">fast</subfield><subfield code="0">(OCoLC)fst01224800</subfield></datafield><datafield ind1=" " ind2="7" tag="651"><subfield code="a">Virginia</subfield><subfield code="z">Smyth County.</subfield><subfield code="2">fast</subfield><subfield code="0">(OCoLC)fst01228071</subfield></datafield><datafield ind1=" " ind2="7" tag="651"><subfield code="a">Virginia</subfield><subfield code="z">Washington County.</subfield><subfield code="2">fast</subfield><subfield code="0">(OCoLC)fst01216168</subfield></datafield><datafield ind1=" " ind2=" " tag="752"><subfield code="a">United States</subfield><subfield code="b">Virginia</subfield><subfield code="c">Washington</subfield><subfield code="d">Saltville.</subfield></datafield><datafield ind1=" " ind2=" " tag="752"><subfield code="a">United States</subfield><subfield code="b">Virginia</subfield><subfield code="c">Washington</subfield><subfield code="d">Abingdon.</subfield></datafield><datafield ind1=" " ind2=" " tag="752"><subfield code="a">United States</subfield><subfield code="b">Virginia</subfield><subfield code="c">Smyth.</subfield></datafield><datafield ind1="1" ind2="7" tag="785"><subfield code="t">Smyth County news</subfield><subfield code="x">0744-0766</subfield><subfield code="w">(DLC)sn 81006002</subfield></datafield><datafield ind1="1" ind2="7" tag="785"><subfield code="t">Smyth County news &amp; messenger</subfield><subfield code="x">1084-7294</subfield><subfield code="w">(DLC)sn 95005517</subfield></datafield></record>